@Book{SCHAFF1,
  author = {Sch√§ffer, Florian}
  title = {OBD - Fahrzeug-Diagnose in der Praxis}, 
  publisher = {Franzis},
  year = 	 2012,
  OPTkey = 	 {},
  OPTvolume = 	 {},
  OPTnumber = 	 {},
  OPTseries = 	 {},
  OPTaddress = 	 {},
  edition = 	 {document revision 1.2},
  month = 	 may,
  url =          {http://www.eijkhout.net/texbytopic/texbytopic.html},
  OPTnote = 	 {},
  OPTannote = 	 {}
}

@Online{servicemodes,
  OPTkey = 	 {},
  author = 	 {tbd},
  title = 	 {Service modes....tbd},
  URL   =        {http://www.outilsobdfacile.com/obd-mode-pid.php},
  urldate =      {2016-05-01},
  month = 	 may,
  year = 	 2016,
  OPTnote = 	 {},
  OPTannote = 	 {}
}
